<?xml version="1.0" encoding="UTF-8"?><collection xmlns="http://www.loc.gov/MARC21/slim"><record><leader>00413nam--2200169-u-4500</leader><controlfield tag="001">000056367</controlfield><controlfield tag="002">20161230</controlfield><controlfield tag="005">20161230201052</controlfield><controlfield tag="008">150811s1000------------r-----000-0-rus-d</controlfield><datafield ind1=" " ind2=" " tag="040"><subfield code="a">IFIN-HH</subfield></datafield><datafield ind1=" " ind2=" " tag="041"><subfield code="a">ruS</subfield></datafield><datafield ind1=" " ind2=" " tag="080"><subfield code="a">53(061.3)</subfield></datafield><datafield ind1="1" ind2=" " tag="110"><subfield code="a">Injenerno-stroitelnii Institut</subfield></datafield><datafield ind1="1" ind2="0" tag="245"><subfield code="a">Fizika dokladi k xxiv naucinoi konferentii lisi</subfield></datafield><datafield ind1=" " ind2=" " tag="260"><subfield code="a">Leningrad</subfield><subfield code="b">Ianvari</subfield><subfield code="c">1966</subfield></datafield><datafield ind1=" " ind2=" " tag="300"><subfield code="a">92P</subfield></datafield><datafield ind1=" " ind2=" " tag="852"><subfield code="a">75225</subfield></datafield></record></collection>